<record><leader>00000cas a2200000 a 4500</leader><controlfield tag="001">9595683</controlfield><controlfield tag="008">830610d17981802mauwr ne      0    0eng c</controlfield><datafield ind1=" " ind2=" " tag="010"><subfield code="a">sn 83020858 </subfield></datafield><datafield ind1=" " ind2=" " tag="040"><subfield code="a">NPX</subfield><subfield code="b">eng</subfield><subfield code="c">NPX</subfield><subfield code="d">NPU</subfield><subfield code="d">DLC</subfield><subfield code="d">KNP</subfield><subfield code="d">MGN</subfield><subfield code="d">HUL</subfield><subfield code="d">NVK</subfield><subfield code="d">OCL</subfield><subfield code="d">CVF</subfield><subfield code="d">NYS</subfield><subfield code="d">OCLCG</subfield><subfield code="d">KRTAS</subfield><subfield code="d">DLC</subfield><subfield code="d">OCLCQ</subfield><subfield code="d">OCLCF</subfield></datafield><datafield ind1="1" ind2=" " tag="029"><subfield code="a">AU@</subfield><subfield code="b">000020416180</subfield></datafield><datafield ind1=" " ind2=" " tag="042"><subfield code="a">pcc</subfield></datafield><datafield ind1=" " ind2=" " tag="043"><subfield code="a">n-us-ma</subfield></datafield><datafield ind1="0" ind2="0" tag="050"><subfield code="a">Newspaper</subfield></datafield><datafield ind1="0" ind2="4" tag="245"><subfield code="a">The Political repository, or, Farmer's journal.</subfield></datafield><datafield ind1="3" ind2="0" tag="246"><subfield code="a">Farmer's journal</subfield></datafield><datafield ind1=" " ind2=" " tag="260"><subfield code="a">Brookfield, Mass. :</subfield><subfield code="b">E. Merriam,</subfield><subfield code="c">1798-1802.</subfield></datafield><datafield ind1=" " ind2=" " tag="300"><subfield code="a">4 v. ;</subfield><subfield code="c">48 cm.</subfield></datafield><datafield ind1=" " ind2=" " tag="310"><subfield code="a">Weekly</subfield></datafield><datafield ind1="0" ind2=" " tag="362"><subfield code="a">Vol. 1, no. 1 (Aug. 14, 1798)-v. 4, no. 195 (May 4, 1802).</subfield></datafield><datafield ind1=" " ind2=" " tag="500"><subfield code="a">"Utile Dulci - We Blend the Sweet with the Useful."</subfield></datafield><datafield ind1=" " ind2=" " tag="515"><subfield code="a">Vol. 4, no. 179 (Jan. 12, 1802) numbered v. 4, no. 170; v. 4, no. 188 (Mar. 16, 1802) numbered v. 4, no. 183; v. 4, no. 190-v. 4, no. 194 (Mar. 30, 1802-Apr. 27, 1802) numbered v. 4, no. 189-v. 4, no. 193.</subfield></datafield><datafield ind1=" " ind2=" " tag="525"><subfield code="a">Jan. 28 &amp; Dec. 23, 1800 issues accompanied by extras.</subfield></datafield><datafield ind1=" " ind2=" " tag="530"><subfield code="a">Also issued in microform from Readex Microprint Corp.</subfield></datafield><datafield ind1=" " ind2="0" tag="651"><subfield code="a">Brookfield (Mass. : Town)</subfield><subfield code="v">Newspapers.</subfield></datafield><datafield ind1=" " ind2="0" tag="651"><subfield code="a">Worcester County (Mass.)</subfield><subfield code="v">Newspapers.</subfield></datafield><datafield ind1=" " ind2="7" tag="655"><subfield code="a">Newspapers.</subfield><subfield code="2">fast</subfield><subfield code="0">(OCoLC)fst01423814</subfield></datafield><datafield ind1=" " ind2="7" tag="651"><subfield code="a">Massachusetts</subfield><subfield code="z">Brookfield (Town)</subfield><subfield code="2">fast</subfield><subfield code="0">(OCoLC)fst01331435</subfield></datafield><datafield ind1=" " ind2="7" tag="651"><subfield code="a">Massachusetts</subfield><subfield code="z">Worcester County.</subfield><subfield code="2">fast</subfield><subfield code="0">(OCoLC)fst01218226</subfield></datafield><datafield ind1="1" ind2=" " tag="700"><subfield code="a">Merriam, Dan,</subfield><subfield code="d">1771-1823.</subfield></datafield><datafield ind1="1" ind2=" " tag="700"><subfield code="a">Merriam, Ebenezer,</subfield><subfield code="d">1777-1858.</subfield></datafield><datafield ind1=" " ind2=" " tag="752"><subfield code="a">United States</subfield><subfield code="b">Massachusetts</subfield><subfield code="c">Worcester</subfield><subfield code="d">Brookfield.</subfield></datafield><datafield ind1="0" ind2=" " tag="776"><subfield code="c">Microprint</subfield><subfield code="d">Readex, a division of Newsbank, Inc.</subfield><subfield code="k">Early American newspapers</subfield><subfield code="w">(OCoLC)21475436</subfield></datafield><datafield ind1=" " ind2=" " tag="850"><subfield code="a">MH</subfield></datafield><datafield ind1=" " ind2=" " tag="938"><subfield code="a">Kirtas Technologies, Inc.</subfield><subfield code="b">KRTS</subfield><subfield code="n">736864</subfield></datafield></record>